<?xml version="1.0" encoding="utf-8"?>
<record xmlns="http://www.loc.gov/MARC21/slim" xmlns:xsi="http://www.w3.org/2001/XMLSchema-instance" xsi:schemaLocation="http://www.loc.gov/MARC21/slim http://www.loc.gov/standards/marcxml/schema/MARC21slim.xsd">
	<leader>     nam a22        4500</leader>
	<controlfield tag="001">2871855</controlfield>
	<controlfield tag="003">NNC</controlfield>
	<controlfield tag="006">m        d        </controlfield>
	<controlfield tag="007">cr cn |||m|||a</controlfield>
	<controlfield tag="008">150723s1968    iq      ob    000 0bara  </controlfield>
	<datafield ind1=" " ind2=" " tag="040">
		<subfield code="a">NNU</subfield>
		<subfield code="b">eng</subfield>
		<subfield code="e">rda</subfield>
		<subfield code="c">NNU</subfield>
	</datafield>
	<datafield ind1="0" ind2="0" tag="050">
		<subfield code="a">BP80.F36</subfield>
		<subfield code="b">M53</subfield>
	</datafield>
	<datafield ind1="1" ind2=" " tag="100">
		<subfield code="6">880-01</subfield>
		<subfield code="a">Mīlānī, Fāḍil al-Ḥusaynī.</subfield>
	</datafield>
	<datafield ind1="1" ind2="0" tag="245">
		<subfield code="6">880-02</subfield>
		<subfield code="a">Fāṭimah al-Zahrāʼ umm abīhā</subfield>
		<subfield code="c">[taʼlīf] Fāḍil al-Ḥusaynī al-Mīlānī.</subfield>
	</datafield>
	<datafield ind1=" " ind2=" " tag="260">
		<subfield code="6">880-03</subfield>
		<subfield code="a">al-Najaf :</subfield>
		<subfield code="b">[Maktabat al-Ṣādiq],</subfield>
		<subfield code="c">1968.</subfield>
	</datafield>
	<datafield ind1=" " ind2=" " tag="300">
		<subfield code="a">online resource (175 pages)</subfield>
	</datafield>
	<datafield ind1=" " ind2=" " tag="336">
		<subfield code="a">text</subfield>
		<subfield code="2">rdacontent</subfield>
	</datafield>
	<datafield ind1=" " ind2=" " tag="337">
		<subfield code="a">computer</subfield>
		<subfield code="2">rdamedia</subfield>
	</datafield>
	<datafield ind1=" " ind2=" " tag="338">
		<subfield code="a">online resource</subfield>
		<subfield code="2">rdacarrier</subfield>
	</datafield>
	<datafield ind1=" " ind2=" " tag="500">
		<subfield code="a">Part of the Arabic Collections Online (ACO) project, contributed by Columbia University Libraries.</subfield>
	</datafield>
	<datafield ind1=" " ind2=" " tag="504">
		<subfield code="a">Includes bibliographical references (page 174).</subfield>
	</datafield>
	<datafield ind1=" " ind2=" " tag="533">
		<subfield code="a">Electronic reproduction.</subfield>
		<subfield code="b">New York, N.Y. :</subfield>
		<subfield code="c">New York University,</subfield>
		<subfield code="d">2015.</subfield>
		<subfield code="5">NNU</subfield>
	</datafield>
	<datafield ind1="0" ind2="0" tag="600">
		<subfield code="6">880-04</subfield>
		<subfield code="a">Fāṭimah,</subfield>
		<subfield code="d">-632 or 633.</subfield>
	</datafield>
	<datafield ind1="0" ind2="7" tag="600">
		<subfield code="a">Fāṭimah,</subfield>
		<subfield code="d">-632 or 633.</subfield>
		<subfield code="2">fast</subfield>
		<subfield code="0">(OCoLC)fst01818087</subfield>
	</datafield>
	<datafield ind1="2" ind2=" " tag="710">
		<subfield code="a">Columbia University.</subfield>
		<subfield code="b">Libraries.</subfield>
	</datafield>
	<datafield ind1="0" ind2=" " tag="730">
		<subfield code="a">Arabic Collections Online.</subfield>
	</datafield>
	<datafield ind1="0" ind2="8" tag="776">
		<subfield code="i">Online version:</subfield>
		<subfield code="a">Mīlānī, Fāḍil al-Ḥusaynī.</subfield>
		<subfield code="t">Fāṭimah al-Zahrāʼ umm abīhā.</subfield>
		<subfield code="d">al-Najaf [Maktabat al-Ṣādiq] 1968</subfield>
		<subfield code="w">(OCoLC)615817271</subfield>
	</datafield>
	<datafield ind1="0" ind2="8" tag="776">
		<subfield code="i">Print version:</subfield>
		<subfield code="a">Mīlānī, Fāḍil al-Ḥusaynī.</subfield>
		<subfield code="t">Fāṭimah al-Zahrāʼ umm abīhā</subfield>
		<subfield code="w">(NNC)2871855</subfield>
		<subfield code="w">(DLC)   76961753 </subfield>
		<subfield code="w">(OCoLC)20765790</subfield>
	</datafield>
	<datafield ind1="4" ind2="0" tag="856">
		<subfield code="u">http://hdl.handle.net/2333.1/05qftwxb</subfield>
	</datafield>
	<datafield ind1="1" ind2=" " tag="880">
		<subfield code="6">100-01/r</subfield>
		<subfield code="a">ميلاني، فاضل الحسيني.</subfield>
	</datafield>
	<datafield ind1="1" ind2="0" tag="880">
		<subfield code="6">245-02/r</subfield>
		<subfield code="a">فاطمة الزهراء أم أبيها /</subfield>
		<subfield code="c">فاضل الحسيني الميلاني.</subfield>
	</datafield>
	<datafield ind1=" " ind2=" " tag="880">
		<subfield code="6">260-03/r</subfield>
		<subfield code="a">النجف :</subfield>
		<subfield code="b">[مكتبة الصادق]،</subfield>
		<subfield code="c">1968.</subfield>
	</datafield>
	<datafield ind1="0" ind2="4" tag="880">
		<subfield code="6">600-04/r</subfield>
		<subfield code="a">فاطمة،,</subfield>
		<subfield code="d">-632 or 3.</subfield>
	</datafield>
	<datafield ind1=" " ind2=" " tag="959">
		<subfield code="a">NNU</subfield>
		<subfield code="b">WEB</subfield>
		<subfield code="c">GENI</subfield>
		<subfield code="t">0</subfield>
		<subfield code="m">Electronic access</subfield>
		<subfield code="s">01</subfield>
	</datafield>
	<datafield ind1=" " ind2=" " tag="999">
		<subfield code="i">NNC_2871855</subfield>
		<subfield code="o">(OCoLC)ocm20765790 </subfield>
		<subfield code="s">columbia_aco001143</subfield>
	</datafield>
</record>
